@article{chen2014hybrid,
  title={A hybrid recommendation algorithm adapted in e-learning environments},
  author={Chen, Wei and Niu, Zhendong and Zhao, Xiangyu and Li, Yi},
  journal={World Wide Web},
  volume={17},
  number={2},
  pages={271--284},
  year={2014},
  publisher={Springer}
}
@article{hallinan2016recommended,
  title={Recommended for you: The Netflix Prize and the production of algorithmic culture},
  author={Hallinan, Blake and Striphas, Ted},
  journal={New Media \& Society},
  volume={18},
  number={1},
  pages={117--137},
  year={2016},
  publisher={Sage Publications Sage UK: London, England}
}
@article{wang2015friendbook,
  title={Friendbook: a semantic-based friend recommendation system for social networks},
  author={Wang, Zhibo and Liao, Jilong and Cao, Qing and Qi, Hairong and Wang, Zhi},
  journal={IEEE transactions on mobile computing},
  volume={14},
  number={3},
  pages={538--551},
  year={2015},
  publisher={IEEE}
}
@inproceedings{covington2016deep,
  title={Deep neural networks for youtube recommendations},
  author={Covington, Paul and Adams, Jay and Sargin, Emre},
  booktitle={Proceedings of the 10th ACM Conference on Recommender Systems},
  pages={191--198},
  year={2016},
  organization={ACM}
}
@incollection{koren2015advances,
  title={Advances in collaborative filtering},
  author={Koren, Yehuda and Bell, Robert},
  booktitle={Recommender systems handbook},
  pages={77--118},
  year={2015},
  publisher={Springer}
}
@article{rosenblatt1958perceptron,
  title={The perceptron: a probabilistic model for information storage and organization in the brain.},
  author={Rosenblatt, Frank},
  journal={Psychological review},
  volume={65},
  number={6},
  pages={386},
  year={1958},
  publisher={American Psychological Association}
}
@article{werbos1974beyond,
  title={Beyond regression: new fools for prediction and analysis in the behavioral sciences},
  author={Werbos, Paul},
  journal={PhD thesis, Harvard University},
  year={1974}
}
@article{hinton2006fast,
  title={A fast learning algorithm for deep belief nets},
  author={Hinton, Geoffrey E and Osindero, Simon and Teh, Yee-Whye},
  journal={Neural computation},
  volume={18},
  number={7},
  pages={1527--1554},
  year={2006},
  publisher={MIT Press}
}
@inproceedings{krizhevsky2012imagenet,
  title={Imagenet classification with deep convolutional neural networks},
  author={Krizhevsky, Alex and Sutskever, Ilya and Hinton, Geoffrey E},
  booktitle={Advances in neural information processing systems},
  pages={1097--1105},
  year={2012}
}
@inproceedings{mikolov2010recurrent,
  title={Recurrent neural network based language model},
  author={Mikolov, Tom{\'a}{\v{s}} and Karafi{\'a}t, Martin and Burget, Luk{\'a}{\v{s}} and {\v{C}}ernock{\`y}, Jan and Khudanpur, Sanjeev},
  booktitle={Eleventh Annual Conference of the International Speech Communication Association},
  year={2010}
}
@inproceedings{vincent2008extracting,
  title={Extracting and composing robust features with denoising autoencoders},
  author={Vincent, Pascal and Larochelle, Hugo and Bengio, Yoshua and Manzagol, Pierre-Antoine},
  booktitle={Proceedings of the 25th international conference on Machine learning},
  pages={1096--1103},
  year={2008},
  organization={ACM}
}
@article{jain1999data,
  title={Data clustering: a review},
  author={Jain, Anil K and Murty, M Narasimha and Flynn, Patrick J},
  journal={ACM computing surveys (CSUR)},
  volume={31},
  number={3},
  pages={264--323},
  year={1999},
  publisher={Acm}
}
@inproceedings{macqueen1967some,
  title={Some methods for classification and analysis of multivariate observations},
  author={MacQueen, James and others},
  booktitle={Proceedings of the fifth Berkeley symposium on mathematical statistics and probability},
  volume={1},
  number={14},
  pages={281--297},
  year={1967},
  organization={Oakland, CA, USA}
}
@article{vincent2010stacked,
  title={Stacked denoising autoencoders: Learning useful representations in a deep network with a local denoising criterion},
  author={Vincent, Pascal and Larochelle, Hugo and Lajoie, Isabelle and Bengio, Yoshua and Manzagol, Pierre-Antoine},
  journal={Journal of Machine Learning Research},
  volume={11},
  number={Dec},
  pages={3371--3408},
  year={2010}
}
@article{ward1963hierarchical,
  title={Hierarchical grouping to optimize an objective function},
  author={Ward Jr, Joe H},
  journal={Journal of the American statistical association},
  volume={58},
  number={301},
  pages={236--244},
  year={1963},
  publisher={Taylor \& Francis}
}
@article{domingos2012few,
  title={A few useful things to know about machine learning},
  author={Domingos, Pedro},
  journal={Communications of the ACM},
  volume={55},
  number={10},
  pages={78--87},
  year={2012},
  publisher={ACM}
}
@inproceedings{ben2009measures,
  title={Measures of clustering quality: A working set of axioms for clustering},
  author={Ben-David, Shai and Ackerman, Margareta},
  booktitle={Advances in neural information processing systems},
  pages={121--128},
  year={2009}
}
@article{roweis2000nonlinear,
  title={Nonlinear dimensionality reduction by locally linear embedding},
  author={Roweis, Sam T and Saul, Lawrence K},
  journal={science},
  volume={290},
  number={5500},
  pages={2323--2326},
  year={2000},
  publisher={American Association for the Advancement of Science}
}
@article{wold1987principal,
  title={Principal component analysis},
  author={Wold, Svante and Esbensen, Kim and Geladi, Paul},
  journal={Chemometrics and intelligent laboratory systems},
  volume={2},
  number={1-3},
  pages={37--52},
  year={1987},
  publisher={Elsevier}
}
@article{davies1979cluster,
  title={A cluster separation measure},
  author={Davies, David L and Bouldin, Donald W},
  journal={IEEE transactions on pattern analysis and machine intelligence},
  number={2},
  pages={224--227},
  year={1979},
  publisher={IEEE}
}
@article{rousseeuw1987silhouettes,
  title={Silhouettes: a graphical aid to the interpretation and validation of cluster analysis},
  author={Rousseeuw, Peter J},
  journal={Journal of computational and applied mathematics},
  volume={20},
  pages={53--65},
  year={1987},
  publisher={Elsevier}
}
@article{rand1971objective,
  title={Objective criteria for the evaluation of clustering methods},
  author={Rand, William M},
  journal={Journal of the American Statistical association},
  volume={66},
  number={336},
  pages={846--850},
  year={1971},
  publisher={Taylor \& Francis Group}
}
@article{hubert1985comparing,
  title={Comparing partitions},
  author={Hubert, Lawrence and Arabie, Phipps},
  journal={Journal of classification},
  volume={2},
  number={1},
  pages={193--218},
  year={1985},
  publisher={Springer}
}
@article{fahad2014survey,
  title={A survey of clustering algorithms for big data: Taxonomy and empirical analysis},
  author={Fahad, Adil and Alshatri, Najlaa and Tari, Zahir and Alamri, Abdullah and Khalil, Ibrahim and Zomaya, Albert Y and Foufou, Sebti and Bouras, Abdelaziz},
  journal={IEEE transactions on emerging topics in computing},
  volume={2},
  number={3},
  pages={267--279},
  year={2014},
  publisher={IEEE}
}
@article{murtagh1983survey,
  title={A survey of recent advances in hierarchical clustering algorithms},
  author={Murtagh, Fionn},
  journal={The Computer Journal},
  volume={26},
  number={4},
  pages={354--359},
  year={1983},
  publisher={Oxford University Press}
}
@article{zhang1997birch,
  title={BIRCH: A new data clustering algorithm and its applications},
  author={Zhang, Tian and Ramakrishnan, Raghu and Livny, Miron},
  journal={Data Mining and Knowledge Discovery},
  volume={1},
  number={2},
  pages={141--182},
  year={1997},
  publisher={Springer}
}
@article{xu2005survey,
  title={Survey of clustering algorithms},
  author={Xu, Rui and Wunsch, Donald},
  journal={IEEE Transactions on neural networks},
  volume={16},
  number={3},
  pages={645--678},
  year={2005},
  publisher={Ieee}
}
@article{jain1988algorithms,
  title={Algorithms for clustering data},
  author={Jain, Anil K and Dubes, Richard C},
  year={1988},
  publisher={Prentice-Hall, Inc.}
}
@book{kaufman1987clustering,
  title={Clustering by means of medoids},
  author={Kaufman, Leonard and Rousseeuw, Peter},
  year={1987},
  publisher={North-Holland}
}
@article{kohonen1998self,
  title={The self-organizing map},
  author={Kohonen, Teuvo},
  journal={Neurocomputing},
  volume={21},
  number={1-3},
  pages={1--6},
  year={1998},
  publisher={Elsevier}
}
@article{dempster1977maximum,
  title={Maximum likelihood from incomplete data via the EM algorithm},
  author={Dempster, Arthur P and Laird, Nan M and Rubin, Donald B},
  journal={Journal of the royal statistical society. Series B (methodological)},
  pages={1--38},
  year={1977},
  publisher={JSTOR}
}
@article{bezdek1984fcm,
  title={FCM: The fuzzy c-means clustering algorithm},
  author={Bezdek, James C and Ehrlich, Robert and Full, William},
  journal={Computers \& Geosciences},
  volume={10},
  number={2-3},
  pages={191--203},
  year={1984},
  publisher={Elsevier}
}
@article{bishop1998gtm,
  title={GTM: The generative topographic mapping},
  author={Bishop, Christopher M and Svens{\'e}n, Markus and Williams, Christopher KI},
  journal={Neural computation},
  volume={10},
  number={1},
  pages={215--234},
  year={1998},
  publisher={MIT Press}
}
@inproceedings{ester1996density,
  title={A density-based algorithm for discovering clusters in large spatial databases with noise.},
  author={Ester, Martin and Kriegel, Hans-Peter and Sander, J{\"o}rg and Xu, Xiaowei and others},
  booktitle={Kdd},
  volume={96},
  number={34},
  pages={226--231},
  year={1996}
}
@article{cheng1995mean,
  title={Mean shift, mode seeking, and clustering},
  author={Cheng, Yizong},
  journal={IEEE transactions on pattern analysis and machine intelligence},
  volume={17},
  number={8},
  pages={790--799},
  year={1995},
  publisher={IEEE}
}
@INPROCEEDINGS{Ng01onspectral,
    author = {Andrew Y. Ng and Michael I. Jordan and Yair Weiss},
    title = {On Spectral Clustering: Analysis and an algorithm},
    booktitle = {ADVANCES IN NEURAL INFORMATION PROCESSING SYSTEMS },
    year = {2001},
    pages = {849--856},
    publisher = {MIT Press}
}
@article{sun2013survey,
  title={A survey of multi-view machine learning},
  author={Sun, Shiliang},
  journal={Neural Computing and Applications},
  volume={23},
  number={7-8},
  pages={2031--2038},
  year={2013},
  publisher={Springer}
}
@article{cornuejols2018collaborative,
  title={Collaborative clustering: Why, when, what and how},
  author={Cornuejols, Antoine and Wemmert, C{\'e}dric and Gan{\c{c}}arski, Pierre and Bennani, Youn{\`e}s},
  journal={Information Fusion},
  volume={39},
  pages={81--95},
  year={2018},
  publisher={Elsevier}
}
@article{kittler1998combining,
  title={On combining classifiers},
  author={Kittler, Josef and Hatef, Mohamad and Duin, Robert PW and Matas, Jiri},
  journal={IEEE transactions on pattern analysis and machine intelligence},
  volume={20},
  number={3},
  pages={226--239},
  year={1998},
  publisher={IEEE}
}
@inproceedings{dietterich2000ensemble,
  title={Ensemble methods in machine learning},
  author={Dietterich, Thomas G},
  booktitle={International workshop on multiple classifier systems},
  pages={1--15},
  year={2000},
  organization={Springer}
}
@article{breiman1996bagging,
  title={Bagging predictors},
  author={Breiman, Leo},
  journal={Machine learning},
  volume={24},
  number={2},
  pages={123--140},
  year={1996},
  publisher={Springer}
}
@article{freund1997decision,
  title={A decision-theoretic generalization of on-line learning and an application to boosting},
  author={Freund, Yoav and Schapire, Robert E},
  journal={Journal of computer and system sciences},
  volume={55},
  number={1},
  pages={119--139},
  year={1997},
  publisher={Elsevier}
}
@book{pedrycz2005knowledge,
  title={Knowledge-based clustering: from data to information granules},
  author={Pedrycz, Witold},
  year={2005},
  publisher={John Wiley \& Sons}
}
@article{grozavu2010topological,
  title={Topological collaborative clustering},
  author={Grozavu, Nistor and Bennani, Younes},
  journal={Australian Journal of Intelligent Information Processing Systems},
  volume={12},
  number={2},
  year={2010}
}
@article{pedrycz2002collaborative,
  title={Collaborative fuzzy clustering},
  author={Pedrycz, Witold},
  journal={Pattern Recognition Letters},
  volume={23},
  number={14},
  pages={1675--1686},
  year={2002},
  publisher={Elsevier}
} 
@article{pedrycz2004fuzzy,
  title={Fuzzy clustering with a knowledge-based guidance},
  author={Pedrycz, Witold},
  journal={Pattern Recognition Letters},
  volume={25},
  number={4},
  pages={469--480},
  year={2004},
  publisher={Elsevier}
}
@inproceedings{maurel2017incremental,
  title={Incremental Self-Organizing Maps for Collaborative Clustering},
  author={Maurel, Denis and Sublime, J{\'e}r{\'e}mie and Lefebvre, Sylvain},
  booktitle={International Conference on Neural Information Processing},
  pages={497--504},
  year={2017},
  organization={Springer}
}
@inproceedings{ghassany2012collaborative,
  title={Collaborative generative topographic mapping},
  author={Ghassany, Mohamad and Grozavu, Nistor and Bennani, Youn{\`e}s},
  booktitle={International Conference on Neural Information Processing},
  pages={591--598},
  year={2012},
  organization={Springer}
}
@inproceedings{sublime2015vertical,
  title={Vertical collaborative clustering using generative topographic maps},
  author={Sublime, J{\'e}r{\'e}mie and Grozavu, Nistor and Bennani, Younes and Cornu{\'e}jols, Antoine},
  booktitle={Soft Computing and Pattern Recognition (SoCPaR), 2015 7th International Conference of},
  pages={199--204},
  year={2015},
  organization={IEEE}
}
@article{sublime2015horizontal,
  title={From horizontal to vertical collaborative clustering using generative topographic maps},
  author={Sublime, J{\'e}r{\'e}mie and Grozavu, Nistor and Cabanes, Gu{\'e}na{\"e}l and Bennani, Youn{\`e}s and Cornu{\'e}jols, Antoine},
  journal={International Journal of Hybrid Intelligent Systems},
  volume={12},
  number={4},
  pages={245--256},
  year={2015},
  publisher={IOS Press}
}
@inproceedings{sublime2016collaborative,
  title={Collaborative learning using topographic maps},
  author={Sublime, J{\'e}r{\'e}mie and Grozavu, Nistor and Cabanes, Gu{\'e}na{\^e}l and Bennani, Youn{\`e}s and Cornu{\'e}jols, Antoine},
  booktitle={AAFD and SFC'16 Conf{\'e}rence Internationale Francophone" Science des donn{\'e}es. D{\'e}fis Math{\'e}matiques et algorithmiques"},
  pages={np},
  year={2016}
}
@article{green1990use,
  title={On use of the EM for penalized likelihood estimation},
  author={Green, Peter J},
  journal={Journal of the Royal Statistical Society. Series B (Methodological)},
  pages={443--452},
  year={1990},
  publisher={JSTOR}
}
@inproceedings{grozavu2014diversity,
  title={Diversity analysis in collaborative clustering},
  author={Grozavu, Nistor and Cabanes, Guenael and Bennani, Younes},
  booktitle={Neural Networks (IJCNN), 2014 International Joint Conference on},
  pages={1754--1761},
  year={2014},
  organization={IEEE}
}
@inproceedings{rastin2015collaborative,
  title={Collaborative clustering: How to select the optimal collaborators?},
  author={Rastin, Parisa and Cabanes, Gu{\'e}na{\"e}l and Grozavu, Nistor and Bennani, Younes},
  booktitle={Computational Intelligence, 2015 IEEE Symposium Series on},
  pages={787--794},
  year={2015},
  organization={IEEE}
}
@inproceedings{grozavu2011learning,
  title={Learning confidence exchange in collaborative clustering},
  author={Grozavu, Nistor and Ghassany, Mohamad and Bennani, Younes},
  booktitle={Neural Networks (IJCNN), The 2011 International Joint Conference on},
  pages={872--879},
  year={2011},
  organization={IEEE}
}
@inproceedings{sublime2018optimizing,
  author    = {J{\'{e}}r{\'{e}}mie Sublime and
               Denis Maurel and
               Nistor Grozavu and
               Basarab Matei and
               Younès Bennani},
  title     = {Optimizing exchange confidence during collaborative clustering},
  booktitle = {2018 International Joint Conference on Neural Networks, {IJCNN} 2018},
  year      = {2018}
}
@phdthesis{sublime2016contributions,
  title={Contributions au clustering collaboratif et {\`a} ses potentielles applications en imagerie {\`a} tr{\`e}s haute r{\'e}solution},
  author={Sublime, J{\'e}r{\'e}mie},
  year={2016},
  school={Paris Saclay}
}
@article{dunn1973fuzzy,
  title={A fuzzy relative of the ISODATA process and its use in detecting compact well-separated clusters},
  author={Dunn, Joseph C},
  year={1973},
  publisher={Taylor \& Francis}
}
@phdthesis{wemmert2000classification,
  title={Classification hybride distribu{\'e}e par collaboration de m{\'e}thodes non supervis{\'e}es},
  author={Wemmert, C{\'e}dric},
  year={2000},
  school={Universit{\'e} Louis Pasteur (Strasbourg)}
}
