@inproceedings{paplinski2012incremental,
	title={Incremental self-organizing map (iSOM) in categorization of visual objects},
	author={Papli{\'n}ski, Andrew P},
	booktitle={ICONIP},
	pages={125--132},
	year={2012},
	organization={Springer}
}
@inproceedings{deng2000esom,
	title={ESOM: An algorithm to evolve self-organizing maps from online data streams},
	author={Deng, Da and Kasabov, Nikola},
	booktitle={Neural Networks},
	year={2000},
	volume={6},
	pages={3--8},
	organization={IEEE}
}
